@misc{burchell, 
    title={Using VADER to handle sentiment analysis with social media text}, 
    url={https://t-redactyl.io/blog/2017/04/using-vader-to-handle-sentiment-analysis-with-social-media-text.html}, 
    journal={Standard error Full Atom}, 
    author={Burchell, Jodie}}

@article{ma_gao_wong_2018, 
    title={Rumor Detection on Twitter with Tree-structured Recursive Neural Networks}, 
    DOI={10.18653/v1/p18-1184}, 
    journal={Proceedings of the 56th Annual Meeting of the Association for Computational Linguistics (Volume 1: Long Papers)}, 
    author={Ma, Jing and Gao, Wei and Wong, Kam-Fai}, 
    year={2018}}

@article{baris_schmelzeisen_staab_2019, 
    title={CLEARumor at SemEval-2019 Task 7: ConvoLving ELMo Against Rumors}, DOI={10.18653/v1/s19-2193}, 
    journal={Proceedings of the 13th International Workshop on Semantic Evaluation}, 
    author={Baris, Ipek and Schmelzeisen, Lukas and Staab, Steffen}, 
    year={2019}}

@inproceedings{Gardner2017AllenNLP,
  title={AllenNLP: A Deep Semantic Natural Language Processing Platform},
  author={Matt Gardner and Joel Grus and Mark Neumann and Oyvind Tafjord
    and Pradeep Dasigi and Nelson F. Liu and Matthew Peters and
    Michael Schmitz and Luke S. Zettlemoyer},
  year={2017},
  Eprint = {arXiv:1803.07640},
}

@inproceedings{devlin_bert,
    title = "{BERT}: Pre-training of Deep Bidirectional Transformers for Language Understanding",
    author = "Devlin, Jacob  and
      Chang, Ming-Wei  and
      Lee, Kenton  and
      Toutanova, Kristina",
    booktitle = "Proceedings of the 2019 Conference of the North {A}merican Chapter of the Association for Computational Linguistics: Human Language Technologies, Volume 1 (Long and Short Papers)",
    month = jun,
    year = "2019",
    address = "Minneapolis, Minnesota",
    publisher = "Association for Computational Linguistics",
    url = "https://www.aclweb.org/anthology/N19-1423",
    doi = "10.18653/v1/N19-1423",
    pages = "4171--4186",
    abstract = "We introduce a new language representation model called BERT, which stands for Bidirectional Encoder Representations from Transformers. Unlike recent language representation models (Peters et al., 2018a; Radford et al., 2018), BERT is designed to pre-train deep bidirectional representations from unlabeled text by jointly conditioning on both left and right context in all layers. As a result, the pre-trained BERT model can be fine-tuned with just one additional output layer to create state-of-the-art models for a wide range of tasks, such as question answering and language inference, without substantial task-specific architecture modifications. BERT is conceptually simple and empirically powerful. It obtains new state-of-the-art results on eleven natural language processing tasks, including pushing the GLUE score to 80.5 (7.7 point absolute improvement), MultiNLI accuracy to 86.7{\%} (4.6{\%} absolute improvement), SQuAD v1.1 question answering Test F1 to 93.2 (1.5 point absolute improvement) and SQuAD v2.0 Test F1 to 83.1 (5.1 point absolute improvement).",
}

@article{fasttext,
    title={Bag of Tricks for Efficient Text Classification},
    author={Joulin, Armand and Grave, Edouard and Bojanowski, Piotr and Mikolov, Tomas},
    journal={arXiv preprint arXiv:1607.01759},
    year={2016}
}

@incollection{spacy,
    author = {Honnibal, Matthew and Montani, Ines and Van Landeghem, Sofie and Boyd, Adriane},
    title = {{spaCy: Industrial-strength Natural Language Processing in Python}},
    year = 2020,
    publisher = {Zenodo},
    doi = {10.5281/zenodo.1212303},
    url = {https://doi.org/10.5281/zenodo.1212303}
}

@incollection{pytorch,
    title = {PyTorch: An Imperative Style, High-Performance Deep Learning Library},
    author = {Paszke, Adam and Gross, Sam and Massa, Francisco and Lerer, Adam and Bradbury, James and Chanan, Gregory and Killeen, Trevor and Lin, Zeming and Gimelshein, Natalia and Antiga, Luca and Desmaison, Alban and Kopf, Andreas and Yang, Edward and DeVito, Zachary and Rai              son, Martin and Tejani, Alykhan and Chilamkurthy, Sasank and Steiner, Benoit and Fang, Lu and Bai, Junjie and Chintala, Soumith},
    booktitle = {Advances in Neural Information Processing Systems 32},
    editor = {H. Wallach and H. Larochelle and A. Beygelzimer and F. d\textquotesingle Alch\'{e}-Buc and E. Fox and R. Garnett},
    pages = {8024--8035},
    year = {2019},
    publisher = {Curran Associates, Inc.},
    url = {http://papers.neurips.cc/paper/9015-pytorch-an-imperative-style-high-performance-deep-learning-library.pdf}
}

